@misc{ wiki:selinux,
  author = "Wikipedia",
  title = "Security-Enhanced Linux --- Wikipedia{,} The Free Encyclopedia",
  year = "2012",
  url = "\url{http://en.wikipedia.org/w/index.php?title=Security-Enhanced_Linux&oldid=491028541}",
  note = "[Online; accessed 14-May-2012]"
},
@misc{ wiki:seandroid,
 author = "SELinux Wiki",
 title = "SEAndroid --- SELinux Wiki{,} ",
 year = "2012",
 url = "\url{http://selinuxproject.org/w/?title=SEAndroid&oldid=1170}",
 note = "[Online; accessed 13-May-2012]"
},
@misc{lindiakos_github_2012,
	title = {{GitHub} - fotioslindiakos/seandriod\_tools},
	url = {https://github.com/fotioslindiakos/seandriod\_tools},
	author = {Lindiakos, Fotios},
	year = {2012},
	howpublished = {https://github.com/fotioslindiakos/seandriod\_tools}
}
